@inproceedings{Ateniese,
    author = {Ateniese, Giuseppe and Francati, Danilo and Nuñez, David and Venturi, Daniele},
    title  = {Match Me if You Can: Matchmaking Encryption and Its Applications},
    booktitle = {EUROCRYPT},
    year = {2019}
}

@inproceedings{Attrapadung,
    author    = {Nuttapong Attrapadung and Hideki Imai},
    title     = {Dual-policy attribute based encryption},
    booktitle = {ACNS},
    year      = {2009},
    pages     = {168–185}
}

@inproceedings{Bleichenbacher,
    author = {Bleichenbacher, Daniel},
    title  = {Chosen Ciphertext Attacks Against Protocols Based on the {RSA} Encryption Standard {PKCS} \#1},
    editor = {Bell Laboratories},
    year   = {1998}
}

@inproceedings{Sahai,
    author    = {Sahai, Amit and Waters, Brent},
    title     = {Fuzzy Identity-Based Encryption },
    booktitle = {Advances in Cryptology -- EUROCRYPT 2005},
    year      = {2005},
    publisher = {Springer Berlin Heidelberg},
    pages     = {457-473},
    isbn      = {978-3-540-32055-5},
    doi       = {10.1007/11426639_27}
}